%% This BibTeX bibliography file was created using BibDesk.
%% http://bibdesk.sourceforge.net/


%% Created for Micha Enk at 2015-04-13 16:03:19 +0200 


%% Saved with string encoding Unicode (UTF-8) 



@book{smithragan,
	Author = {Smith, P. L. and Ragan, T. J.},
	Date-Added = {2015-04-13 14:01:23 +0000},
	Date-Modified = {2015-04-13 14:02:56 +0000},
	Publisher = {John Wiley \& Sons, Inc.},
	Title = {Instructional Design},
	Year = {2005}}
